@book{reiter_dale,
 author = {Reiter, Ehud and Dale, Robert},
 title = {Building Natural Language Generation Systems},
 year = {2000},
 isbn = {0-521-62036-8},
 publisher = {Cambridge University Press},
 address = {New York, NY, USA},
} 

@inproceedings{cristia_plus,
 author = {Cristi\'{a}, Maximiliano and Pl\"{u}ss, Brian},
 title = {Generating Natural Language Descriptions of Z Test Cases},
 booktitle = {Proceedings of the 6th International Natural Language Generation Conference},
 series = {INLG '10},
 year = {2010},
 location = {Trim, Co. Meath, Ireland},
 pages = {173--177},
 numpages = {5},
 url = {http://dl.acm.org/citation.cfm?id=1873738.1873761},
 acmid = {1873761},
 publisher = {Association for Computational Linguistics},
 address = {Stroudsburg, PA, USA},
} 




@inproceedings{fastest1,
 author = {Cristi\'{a}, Maximiliano and Monetti, Pablo Rodr\'{\i}guez},
 title = {Implementing and Applying the Stocks-Carrington Framework for Model-Based Testing},
 booktitle = {Proceedings of the 11th International Conference on Formal Engineering Methods: Formal Methods and Software Engineering},
 series = {ICFEM '09},
 year = {2009},
 isbn = {978-3-642-10372-8},
 location = {Rio de Janeiro, Brazil},
 pages = {167--185},
 numpages = {19},
 url = {http://dx.doi.org/10.1007/978-3-642-10373-5_9},
 doi = {10.1007/978-3-642-10373-5_9},
 acmid = {1695284},
 publisher = {Springer-Verlag},
 address = {Berlin, Heidelberg},
} 


@inproceedings{satelite,
 author = {Crist\'{\i}, Maximiliano and Albertengo, Pablo and Frydman, Claudia and Pluss, Brian and Monetti, Pablo Rodriguez},
 title = {Applying the Test Template Framework to Aerospace Software},
 booktitle = {Proceedings of the 2011 IEEE 34th Software Engineering Workshop},
 series = {SEW '11},
 year = {2011},
 isbn = {978-0-7695-4627-8},
 pages = {128--137},
 numpages = {10},
 url = {http://dx.doi.org/10.1109/SEW.2011.25},
 doi = {10.1109/SEW.2011.25},
 acmid = {2359641},
 publisher = {IEEE Computer Society},
 address = {Washington, DC, USA},
 keywords = {model-based testing, fastest, Z specifications, test template framework},
} 

@article{stocks,
 author = {Stocks, Phil and Carrington, David},
 title = {A Framework for Specification-Based Testing},
 journal = {IEEE Trans. Softw. Eng.},
 issue_date = {November 1996},
 volume = {22},
 number = {11},
 month = nov,
 year = {1996},
 issn = {0098-5589},
 pages = {777--793},
 numpages = {17},
 url = {http://dx.doi.org/10.1109/32.553698},
 doi = {10.1109/32.553698},
 acmid = {239918},
 publisher = {IEEE Press},
 address = {Piscataway, NJ, USA},
 keywords = {Specification-based testing, testing strategies, test data, test oracles, Z notation.},
} 

@book{spivey,
 author = {Spivey, J. M.},
 title = {The Z Notation: A Reference Manual},
 year = {1992},
 isbn = {0-13-978529-9},
 publisher = {Prentice Hall International (UK) Ltd.},
 address = {Hertfordshire, UK, UK},
} 
